 
  
@book{Meeker1998,
	author = {Meeker, William Q and Escobar, Luis A},
	publisher = {John Wiley \& Sons},
	title = {Statistical methods for reliability data},
	year = {1998}
  }
  
@article{Nelso1990,
	author = {Nelson, W.},
	journal = {Technometrics},
	number = {2},
	pages = {236-238},
	title = {Accelerated Testing: Statistical Models, Test Plans, and Data Analysis},
	volume = {33},
	year = {1990}
  }
  
  
  @article{Seo2017,
	author = {Seo, K. and Rong, P.},
	journal = {Iise Transactions},
	number = {9},
	pages = {885-898},
	title = {Data analysis of step-stress accelerated life tests with heterogeneous group effects},
	volume = {49},
	year = {2017}}
  
  @article{Wang2020,
	author = {Wang, J.},
	journal = {Mathematical Problems in Engineering},
	number = {3},
	pages = {1-11},
	title = {Data Analysis of Step-Stress Accelerated Life Test with Random Group Effects under Weibull Distribution},
	volume = {2020},
	year = {2020}}
  
  
@article{Vining2010,
title = {Reliability data analysis for life test experiments with subsampling},
author = {Freeman,L.J. and Vining,G.G.},
journal = {Journal of Quality Technology},
year = {2010},
volume = {42},
number = {3},
pages = {233-241},
}

@article{Meeker2018,
  title={Applications of the Fractional-Random-Weight Bootstrap},
  author={ Xu, Li  and  Gotwalt, Chris  and  Hong, Yili  and  King, Caleb B.  and  Meeker, William Q. },
  journal={The American Statian},
  pages={1-29},
  year={2020},
}
  
  
  
  
  
  